@misc{https, title={Why is HTTP not secure?}, url={https://www.cloudflare.com/img/learning/security/glossary/what-is-ssl/http-vs-https.svg}, author={Cloudfare}}

@misc{security, title={Overview of Java EE Security}, url={https://javaee.github.io/tutorial/security-intro001.html}, author={javaee.github}}

@misc{JDBC, title={Using the JDBC Realm for User Authentication}, url={https://docs.oracle.com/javaee/6/tutorial/doc/glxgo.html}, author={Oracle}}

@misc{entites, title={Using the JDBC Realm for User Authentication}, url={https://docs.oracle.com/javaee/6/tutorial/doc/bnbqa.html}, author={Oracle}}

@misc{mvc, title={Model View Controller}, url={https://en.wikipedia.org/wiki/Model-view-controller}, author={RegisFrey}}

@misc{jsf, title={JSF - Architecture}, url={https://www.tutorialspoint.com/jsf/jsf_architecture.html}, author={tutorialspoint}}

@misc{jsfmanagedbeans, title={JSF managed beans}, url={https://www.tutorialspoint.com/jsf/jsf_managed_beans.html}, author={tutorialspoint}}

@misc{whatisjsf, title={Introduction to Javaserver Faces - What is JSF?}, url={https://www.oracle.com/technetwork/topics/index-090910.html}, author={oracle}}

@article{deacon2009model,
  title={Model-view-controller (mvc) architecture},
  author={Deacon, John},
  journal={Online][Citado em: 10 de mar{\c{c}}o de 2006.] http://www. jdl. co. uk/briefings/MVC. pdf},
  year={2009}
}

@misc{SPOF, title={Availability and Single Points of Failure}, url={https://docs.oracle.com/cd/E20295_01/html/821-1217/fjdch.html}, author={oracle}}

@misc{concurrencybean, title={Managing Concurrent Access in a Singleton Session Bean}, url={https://docs.oracle.com/cd/E19798-01/821-1841/gipsz/index.html}, author={oracle}}

@misc{concurrency, title={Concurrency Basics}, url={https://docs.oracle.com/javaee/7/tutorial/concurrency-utilities001.htm}, author={oracle}}

@misc{transactions, title={Container-Managed Transactions}, url={https://javaee.github.io/tutorial/transactions004.html}, author={javaee.github}}